
<record>
  <controlfield tag="001">1264205</controlfield>
  <datafield tag="035" ind1=" " ind2=" ">
    <subfield code="9">SPIRESTeX</subfield>
    <subfield code="a">Bischofberger:2011pwc</subfield>
  </datafield>
  <datafield tag="710" ind1=" " ind2=" ">
    <subfield code="g">Belle</subfield>
  </datafield>
  <datafield tag="245" ind1=" " ind2=" ">
    <subfield code="a">Search for CP violation in $\tau \to K^0_S \pi \nu_\tau$ decays at Belle</subfield>
  </datafield>
</record>

</collection>